@misc{nas_with_rl_2017,
  archiveprefix = {arXiv},
  author = {Barret Zoph and Quoc V. Le},
  eprint = {1611.01578},
  primaryclass = {cs.LG},
  title = {Neural architecture search with reinforcement learning},
  url = {https://arxiv.org/abs/1611.01578},
  year = {2017},
}

@article{nas_survey_2019,
  author = {Thomas Elsken and Jan Hendrik Metzen and Frank Hutter},
  journal = {Journal of Machine Learning Research},
  number = {55},
  pages = {1–21},
  title = {Neural architecture search: A survey},
  url = {http://jmlr.org/papers/v20/18-598.html},
  volume = {20},
  year = {2019},
}

@misc{fl_advances_and_open_problems_2021,
  archiveprefix = {arXiv},
  author        = {Peter Kairouz and H. Brendan McMahan and Brendan Avent and Aurélien Bellet and Mehdi Bennis and Arjun Nitin Bhagoji and Kallista Bonawitz and Zachary Charles and Graham Cormode and Rachel Cummings and Rafael G. L. D'Oliveira and Hubert Eichner and Salim El Rouayheb and David Evans and Josh Gardner and Zachary Garrett and Adrià Gascón and Badih Ghazi and Phillip B. Gibbons and Marco Gruteser and Zaid Harchaoui and Chaoyang He and Lie He and Zhouyuan Huo and Ben Hutchinson and Justin Hsu and Martin Jaggi and Tara Javidi and Gauri Joshi and Mikhail Khodak and Jakub Konečný and Aleksandra Korolova and Farinaz Koushanfar and Sanmi Koyejo and Tancrède Lepoint and Yang Liu and Prateek Mittal and Mehryar Mohri and Richard Nock and Ayfer Özgür and Rasmus Pagh and Mariana Raykova and Hang Qi and Daniel Ramage and Ramesh Raskar and Dawn Song and Weikang Song and Sebastian U. Stich and Ziteng Sun and Ananda Theertha Suresh and Florian Tramèr and Praneeth Vepakomma and Jianyu Wang and Li Xiong and Zheng Xu and Qiang Yang and Felix X. Yu and Han Yu and Sen Zhao},
  eprint        = {1912.04977},
  primaryclass  = {cs.LG},
  title         = {Advances and Open Problems in Federated Learning},
  url           = {https://arxiv.org/abs/1912.04977},
  year          = {2021}
}

@misc{nas_1000_papers_2023,
  archiveprefix = {arXiv},
  author        = {Colin White and Mahmoud Safari and Rhea Sukthanker and Binxin Ru and Thomas Elsken and Arber Zela and Debadeepta Dey and Frank Hutter},
  eprint        = {2301.08727},
  primaryclass  = {cs.LG},
  title         = {Neural architecture search: Insights from 1000 papers},
  url           = {https://arxiv.org/abs/2301.08727},
  year          = {2023}
}

@misc{nas_seminal_2017,
  archiveprefix = {arXiv},
  author        = {Barret Zoph and Quoc V. Le},
  eprint        = {1611.01578},
  primaryclass  = {cs.LG},
  title         = {Neural architecture search with reinforcement learning},
  url           = {https://arxiv.org/abs/1611.01578},
  year          = {2017}
}

@article{fl_to_nas_survey_2021,
  author  = {Hangyu Zhu and Haoyu Zhang and Yaochu Jin},
  day     = {01},
  doi     = {10.1007/s40747-020-00247-z},
  issn    = {2198-6053},
  journal = {Complex and Intelligent Systems},
  month   = {04},
  number  = {2},
  pages   = {639-657},
  title   = {From federated learning to federated neural architecture search: a survey},
  url     = {https://doi.org/10.1007/s40747-020-00247-z},
  volume  = {7},
  year    = {2021}
}

@inproceedings{fl_seminal_2017,
  author    = {Brendan McMahan and Eider Moore and Daniel Ramage and Seth Hampson and Blaise Aguera y Arcas},
  booktitle = {Proceedings of the 20th international conference on artificial intelligence and statistics},
  editor    = {Singh Aarti, Zhu Jerry},
  month     = {04},
  pages     = {1273-1282},
  pdf       = {http://proceedings.mlr.press/v54/mcmahan17a/mcmahan17a.pdf},
  publisher = {PMLR},
  series    = {Proceedings of machine learning research},
  title     = {Communication-efficient learning of deep networks from decentralized data},
  url       = {https://proceedings.mlr.press/v54/mcmahan17a.html},
  volume    = {54},
  year      = {2017}
}

@article{personalized_fl_2023,
  author   = {Alysa Ziying Tan and Han Yu and Lizhen Cui and Qiang Yang},
  doi      = {10.1109/TNNLS.2022.3160699},
  journal  = {IEEE Transactions on Neural Networks and Learning Systems},
  keywords = {Data models, Training, Adaptation models, Collaborative work, Data privacy, Servers, Edge computing, Federated learning, Edge computing, federated learning (FL), non-IID data, personalized FL (PFL), privacy preservation, statistical heterogeneity},
  number   = {12},
  pages    = {9587-9603},
  title    = {Towards personalized federated learning},
  volume   = {34},
  year     = {2023}
}

@article{systematic_nas_survey_2024,
  abstract = {Machine Learning (ML) has revolutionized various f...igent and efficient ML models for a wide range of applications.},
  author   = {Sasan Salmani Pour Avval and Nathan D. Eskue and Roger M. Groves and Vahid Yaghoubi},
  date     = {2025-01-06},
  doi      = {10.1007/s10462-024-11058-w},
  issn     = {1573-7462},
  journal  = {Artificial Intelligence Review},
  number   = {3},
  pages    = {73},
  title    = {Systematic review on neural architecture search},
  url      = {https://doi.org/10.1007/s10462-024-11058-w},
  volume   = {58},
  year     = {2025}
}

@misc{fedoras_2022,
  archiveprefix = {arXiv},
  author = {Lukasz Dudziak and Stefanos Laskaridis and Javier Fernandez-Marques},
  eprint = {2206.11239},
  primaryclass = {cs.LG},
  title = {FedorAS: Federated architecture search under system heterogeneity},
  url = {https://arxiv.org/abs/2206.11239},
  year = {2022},
}

@inproceedings{efnas_2024,
  author = {Xiaohui Wei and Guanhua Chen and Chen Yang and Hairui Zhao and Chenyang Wang and Hengshan Yue},
  booktitle = {2024 international joint conference on neural networks (IJCNN)},
  doi = {10.1109/IJCNN60899.2024.10650653},
  keywords = {Adaptation models, Costs, Accuracy, Computational modeling, Graphics processing units, Computer architecture, Probabilistic logic, Neural Architecture Search, Computation Efficiency, Federated Learning, AIoT},
  number = {},
  pages = {1-8},
  title = {EFNAS: Efficient federated neural architecture search across AIoT devices},
  volume = {},
  year = {2024},
}

@misc{fednas_2021,
  archiveprefix = {arXiv},
  author = {Chaoyang He and Murali Annavaram and Salman Avestimehr},
  eprint = {2004.08546},
  primaryclass = {cs.LG},
  title = {Towards Non-I.I.D. and invisible data with FedNAS: Federated deep learning via neural architecture search},
  url = {https://arxiv.org/abs/2004.08546},
  year = {2021},
}

@article{network_aware_fed_nas_2025,
  author = {Göktuğ Öcal and Atay Özgövde},
  doi = {https://doi.org/10.1016/j.future.2024.07.053},
  issn = {0167-739X},
  journal = {Future Generation Computer Systems},
  keywords = {Neural architecture search, Federated learning, Network pruning, Client selection, Client grouping, Network emulation},
  pages = {107475},
  title = {Network-aware federated neural architecture search},
  url = {https://www.sciencedirect.com/science/article/pii/S0167739X24004205},
  volume = {162},
  year = {2025},
}